@article{Krutz:2016:TAS:3018995.2994152,
 author = {Krutz, Daniel E. and Malachowsky, Samuel A.},
 title = {Teaching Android Security Through Examples: A Publicly Available Database of Vulnerable Apps},
 journal = {ACM Inroads},
 issue_date = {December 2016},
 volume = {7},
 number = {4},
 month = nov,
 year = {2016},
 issn = {2153-2184},
 pages = {96--98},
 numpages = {3},
 url = {http://doi.acm.org/10.1145/2994152},
 doi = {10.1145/2994152},
 acmid = {2994152},
 publisher = {ACM},
 address = {New York, NY, USA},
} 

@ELECTRONIC{PLASMA_ProjectWebsite_URL,
	author={Krutz, Daniel.},
  title = {PLASMA Labs: Teaching Mobile Security},
  howpublished = {http://www.TeachingMobileSecurity.com/},
  url= {http://www.TeachingMobileSecurity.com/}
}

@ELECTRONIC{KOC_URL,
  title = {RIT Kids on Campus},
  howpublished = {http://www.rit.edu/academicaffairs/koc/},
  url= {http://www.rit.edu/academicaffairs/koc/}
}


@ELECTRONIC{nycwic_URL,
  title = {NYCWiC 2017},
  howpublished = {http://nycwic.hosting.acm.org/},
  url= {http://nycwic.hosting.acm.org/}
}


@ELECTRONIC{NSF_IUSE_ALL_2018_URL,
  title = {National Science Foundation Award Abstract \#1825023 Developing Experiential Laboratories for Computing Accessibility Education},
  howpublished = {\url{https://www.nsf.gov/awardsearch/showAward?AWD_ID=1825023&HistoricalAwards=false}},
  url= {\url{http://nycwic.hosting.acm.org/}}
}

@article{El-Glaly:2018:AEM:3211407.3182184,
 author = {El-Glaly, Yasmine N. and Peruma, Anthony and Krutz, Daniel E. and Hawker, J. Scott},
 title = {Apps for Everyone: Mobile Accessibility Learning Modules},
 journal = {ACM Inroads},
 issue_date = {June 2018},
 volume = {9},
 number = {2},
 month = apr,
 year = {2018},
 issn = {2153-2184},
 pages = {30--33},
 numpages = {4},
 url = {http://doi.acm.org/10.1145/3182184},
 doi = {10.1145/3182184},
 acmid = {3182184},
 publisher = {ACM},
 address = {New York, NY, USA},
} 
